<record><leader>00000cas a22000007a 4500</leader><controlfield tag="001">32934916</controlfield><controlfield tag="008">950807c19uu9999cauwn ne      0   k0kor c</controlfield><datafield ind1=" " ind2=" " tag="010"><subfield code="a">sn 95001131 </subfield></datafield><datafield ind1=" " ind2=" " tag="040"><subfield code="a">NSD</subfield><subfield code="b">eng</subfield><subfield code="c">NSD</subfield><subfield code="d">OCLCQ</subfield><subfield code="d">OCLCF</subfield><subfield code="d">OCLCO</subfield></datafield><datafield ind1=" " ind2=" " tag="012"><subfield code="m">y</subfield></datafield><datafield ind1="0" ind2=" " tag="022"><subfield code="a">1083-9976</subfield><subfield code="l">1083-9976</subfield><subfield code="y">0749-0143</subfield><subfield code="2">1</subfield></datafield><datafield ind1="1" ind2=" " tag="029"><subfield code="a">AU@</subfield><subfield code="b">000015766747</subfield></datafield><datafield ind1=" " ind2=" " tag="032"><subfield code="a">418370</subfield><subfield code="b">USPS</subfield></datafield><datafield ind1=" " ind2=" " tag="037"><subfield code="b">Christian Herald, 260 S. Los Angeles St., #300, Los Angeles, CA 90012</subfield></datafield><datafield ind1=" " ind2=" " tag="042"><subfield code="a">nsdp</subfield><subfield code="a">pcc</subfield></datafield><datafield ind1=" " ind2=" " tag="043"><subfield code="a">n-us-ca</subfield></datafield><datafield ind1="1" ind2="0" tag="082"><subfield code="a">071</subfield><subfield code="2">12</subfield></datafield><datafield ind1=" " ind2="0" tag="222"><subfield code="a">K'u&#774;risu&#774;ch'en hero&#774;ldu&#774; U.S.A.</subfield></datafield><datafield ind1="0" ind2="0" tag="245"><subfield code="a">K'u&#774;risu&#774;ch'en hero&#774;ldu&#774; I.S.A. =</subfield><subfield code="b">Christian herald U.S.A.</subfield></datafield><datafield ind1="3" ind2="1" tag="246"><subfield code="a">Christian herald U.S.A.</subfield></datafield><datafield ind1=" " ind2=" " tag="260"><subfield code="a">Los Angeles, Calif. :</subfield><subfield code="b">Christian Herald</subfield></datafield><datafield ind1=" " ind2=" " tag="300"><subfield code="a">v.</subfield></datafield><datafield ind1=" " ind2=" " tag="310"><subfield code="a">Fifty one times a year</subfield></datafield><datafield ind1=" " ind2=" " tag="321"><subfield code="a">Every two weeks,</subfield><subfield code="b">&lt;July 20, 1984-&gt;</subfield></datafield><datafield ind1=" " ind2=" " tag="321"><subfield code="a">Weekly,</subfield><subfield code="b">&lt;Mar. 15, 1985-&gt;</subfield></datafield><datafield ind1=" " ind2=" " tag="588"><subfield code="a">Description based on: May 19, 1995.</subfield></datafield><datafield ind1=" " ind2="0" tag="651"><subfield code="a">Los Angeles (Calif.)</subfield><subfield code="v">Newspapers.</subfield></datafield><datafield ind1=" " ind2="7" tag="655"><subfield code="a">Newspapers.</subfield><subfield code="2">fast</subfield><subfield code="0">(OCoLC)fst01423814</subfield></datafield><datafield ind1=" " ind2="7" tag="651"><subfield code="a">California</subfield><subfield code="z">Los Angeles.</subfield><subfield code="2">fast</subfield><subfield code="0">(OCoLC)fst01204540</subfield></datafield><datafield ind1=" " ind2=" " tag="752"><subfield code="a">United States</subfield><subfield code="b">California</subfield><subfield code="c">Los Angeles</subfield><subfield code="d">Los Angeles.</subfield></datafield><datafield ind1="0" ind2="0" tag="780"><subfield code="t">Christian herald</subfield><subfield code="x">0749-0143</subfield></datafield></record>